% Related work
%% jdmdh:8642
%% https://jdmdh.episciences.org/8642
%%
@article{schneider2021combining,
    title        = {{Combining Morphological and Histogram based Text Line Segmentation in the OCR Context}},
    author       = {Pit Schneider},
    year         = 2021,
    month        = nov.,
    journal      = {{Journal of Data Mining \& Digital Humanities}},
    volume       = {{2021}},
    doi          = {10.46298/jdmdh.7277},
    url          = {https://jdmdh.episciences.org/8642},
}
@inproceedings{daniel2021biblia,
    title        = {BiblIA - a General Model for Medieval Hebrew Manuscripts and an Open Annotated Dataset},
    author       = {Daniel, Stoekl Ben Ezra and Bronson, Brown-DeVost and Pawel, Jablonski and Hayim, Lapin and Benjamin, Kiessling and Elena, Lolli},
    year         = 2021,
    booktitle    = {The 6th International Workshop on Historical Document Imaging and Processing},
    location     = {Lausanne, Switzerland},
    publisher    = {Association for Computing Machinery},
    address      = {New York, NY, USA},
    series       = {HIP '21},
    pages        = {61–66},
    doi          = {10.1145/3476887.3476896},
    isbn         = 9781450386906,
    url          = {https://doi.org/10.1145/3476887.3476896},
    numpages     = 6,
}
@dataset{jocher2022ultralytics,
    title        = {{ultralytics/yolov5: v6.1 - TensorRT, TensorFlow Edge TPU and OpenVINO Export and Inference}},
    author       = {Glenn Jocher and Ayush Chaurasia and Alex Stoken and Jirka Borovec and NanoCode012 and Yonghye Kwon and TaoXie and Jiacong Fang and imyhxy and Kalen Michael and Lorna and Abhiram V and Diego Montes and Jebastin Nadar and Laughing and tkianai and yxNONG and Piotr Skalski and Zhiqiang Wang and Adam Hogan and Cristi Fati and Lorenzo Mammana and AlexWang1900 and Deep Patel and Ding Yiwei and Felix You and Jan Hajek and Laurentiu Diaconu and Mai Thanh Minh},
    year         = 2022,
    month        = feb,
    publisher    = {Zenodo},
    doi          = {10.5281/zenodo.6222936},
    url          = {https://doi.org/10.5281/zenodo.6222936},
    version      = {v6.1}
}
@inproceedings{raj2022license,
    title        = {License Plate Recognition System using Yolov5 and CNN},
    author       = {Raj, Shreya and Gupta, Yash and Malhotra, Ruchika},
    year         = 2022,
    booktitle    = {2022 8th International Conference on Advanced Computing and Communication Systems (ICACCS)},
    volume       = 1,
    pages        = {372--377},
    doi          = {10.1109/ICACCS54159.2022.9784966}
}
@article{ning2021mt,
    title        = {{MT}-{YOLOv}5: Mobile terminal table detection model based on {YOLOv}5},
    author       = {Zixin Ning and Xinjiao Wu and Jing Yang and Yanqin Yang},
    year         = 2021,
    month        = {jul},
    journal      = {Journal of Physics: Conference Series},
    publisher    = {{IOP} Publishing},
    volume       = 1978,
    number       = 1,
    pages        = {012010},
    doi          = {10.1088/1742-6596/1978/1/012010},
    url          = {https://doi.org/10.1088/1742-6596/1978/1/012010},
}
@article{liang2021comparative,
    title        = {Comparative Study of Layout Analysis of Tabulated Historical Documents},
    author       = {Xusheng Liang and Abbas Cheddad and Johan Hall},
    year         = 2021,
    journal      = {Big Data Research},
    volume       = 24,
    pages        = 100195,
    doi          = {https://doi.org/10.1016/j.bdr.2021.100195},
    issn         = {2214-5796},
    url          = {https://www.sciencedirect.com/science/article/pii/S2214579621000125},
}
@inproceedings{nguyen2021mc,
    title        = {MC-OCR Challenge 2021: Simple approach for receipt information extraction and quality evaluation},
    author       = {Nguyen, Cuong Manh and Van Ngo, Vi and Nguyen, Dang Duy},
    year         = 2021,
    booktitle    = {2021 RIVF International Conference on Computing and Communication Technologies (RIVF)},
    pages        = {1--4},
    doi          = {10.1109/RIVF51545.2021.9642150}
}
@inproceedings{antonacopoulos2011historical,
    title        = {Historical Document Layout Analysis Competition},
    author       = {Antonacopoulos, A. and Clausner, C. and Papadopoulos, C. and Pletschacher, S.},
    year         = 2011,
    booktitle    = {2011 International Conference on Document Analysis and Recognition},
    pages        = {1516--1520},
    doi          = {10.1109/ICDAR.2011.301}
}
@inproceedings{xu2017page,
    title        = {Page segmentation for historical handwritten documents using fully convolutional networks},
    author       = {Xu, Yue and He, Wenhao and Yin, Fei and Liu, Cheng-Lin},
    year         = 2017,
    booktitle    = {2017 14th IAPR International Conference on Document Analysis and Recognition (ICDAR)},
    volume       = 1,
    pages        = {541--546},
    organization = {IEEE}
}
@inproceedings{corbelli2016historical,
    title        = {Historical document digitization through layout analysis and deep content classification},
    author       = {Corbelli, Andrea and Baraldi, Lorenzo and Grana, Costantino and Cucchiara, Rita},
    year         = 2016,
    booktitle    = {2016 23rd International Conference on Pattern Recognition (ICPR)},
    pages        = {4077--4082},
    doi          = {10.1109/ICPR.2016.7900272}
}
@inproceedings{kiessling2019escriptorium,
    title        = {eScriptorium: an open source platform for historical document analysis},
    author       = {Kiessling, Benjamin and Tissot, Robin and Stokes, Peter and Ezra, Daniel St{\"o}kl Ben},
    year         = 2019,
    booktitle    = {2019 International Conference on Document Analysis and Recognition Workshops (ICDARW)},
    volume       = 2,
    pages        = {19--19},
    organization = {IEEE}
}
@inproceedings{gao2017icdar,
    title        = {ICDAR2017 Competition on Page Object Detection},
    author       = {Gao, Liangcai and Yi, Xiaohan and Jiang, Zhuoren and Hao, Leipeng and Tang, Zhi},
    year         = 2017,
    booktitle    = {2017 14th IAPR International Conference on Document Analysis and Recognition (ICDAR)},
    volume       = {01},
    number       = {},
    pages        = {1417--1422},
    doi          = {10.1109/ICDAR.2017.231}
}
@inproceedings{mehri2019icdar,
    title        = {ICDAR2019 Competition on Historical Book Analysis - HBA2019},
    author       = {Mehri, Maroua and Héroux, Pierre and Mullot, Rémy and Moreux, Jean-Philippe and Coüasnon, Bertrand and Barrett, Bill},
    year         = 2019,
    booktitle    = {2019 International Conference on Document Analysis and Recognition (ICDAR)},
    volume       = {},
    number       = {},
    pages        = {1488--1493},
    doi          = {10.1109/ICDAR.2019.00239}
}
@inproceedings{simistira2017icdar,
    title        = {ICDAR2017 Competition on Layout Analysis for Challenging Medieval Manuscripts},
    author       = {Simistira, Fotini and Bouillon, Manuel and Seuret, Mathias and Würsch, Marcel and Alberti, Michele and Ingold, Rolf and Liwicki, Marcus},
    year         = 2017,
    booktitle    = {2017 14th IAPR International Conference on Document Analysis and Recognition (ICDAR)},
    volume       = {01},
    number       = {},
    pages        = {1361--1370},
    doi          = {10.1109/ICDAR.2017.223}
}
@inproceedings{gabay2021segmonto,
    title        = {SegmOnto: common vocabulary and practices for analysing the layout of manuscripts (and more)},
    author       = {Gabay, Simon and Camps, Jean-Baptiste and Pinche, Ariane and Jahan, Claire},
    year         = 2021,
    booktitle    = {16th International Conference on Document Analysis and Recognition (ICDAR 2021)}
}
@inproceedings{christensen2022gallic,
    title        = {{Gallic(orpor)a: Traitment des sources textuelles en diachronie longue de Gallica}},
    author       = {Christensen, Kelly and Pinche, Ariane and Gabay, Simon},
    year         = 2022,
    month        = Jun,
    booktitle    = {{DataLab de la BnF}},
    address      = {Paris, France},
    url          = {https://hal.archives-ouvertes.fr/hal-03716534},
    hal_id       = {hal-03716534},
    hal_version  = {v1}
}
@inproceedings{antonacopoulos2009icdar,
    title        = {ICDAR 2009 Page Segmentation Competition},
    author       = {Antonacopoulos, Apostolos and Pletschacher, Stefan and Bridson, David and Papadopoulos, Christos},
    year         = 2009,
    booktitle    = {2009 10th International Conference on Document Analysis and Recognition},
    volume       = {},
    number       = {},
    pages        = {1370--1374},
    doi          = {10.1109/ICDAR.2009.275}
}
@article{lu2021probabilistic,
    title        = {Probabilistic homogeneity for document image segmentation},
    author       = {Lu, Tan and Dooms, Ann},
    year         = 2021,
    journal      = {Pattern Recognition},
    publisher    = {Elsevier},
    volume       = 109,
    pages        = 107591,
    doi          = {10.1016/j.patcog.2020.107591}
}
@inbook{amit2020object,
    title        = {Object Detection},
    author       = {Amit, Yali and Felzenszwalb, Pedro and Girshick, Ross},
    year         = 2020,
    booktitle    = {Computer Vision: A Reference Guide},
    publisher    = {Springer International Publishing},
    address      = {Cham},
    pages        = {1--9},
    doi          = {10.1007/978-3-030-03243-2_660-1},
    isbn         = {978-3-030-03243-2},
    url          = {https://doi.org/10.1007/978-3-030-03243-2_660-1}
}
@article{lin2014microsoft,
    title        = {Microsoft {COCO:} Common Objects in Context},
    author       = {Tsung{-}Yi Lin and Michael Maire and Serge J. Belongie and Lubomir D. Bourdev and Ross B. Girshick and James Hays and Pietro Perona and Deva Ramanan and Piotr Doll{\'{a}}r and C. Lawrence Zitnick},
    year         = 2014,
    journal      = {CoRR},
    volume       = {abs/1405.0312},
    url          = {http://arxiv.org/abs/1405.0312},
    eprinttype   = {arXiv},
    eprint       = {1405.0312},
    timestamp    = {Mon, 13 Aug 2018 16:48:13 +0200},
    biburl       = {https://dblp.org/rec/journals/corr/LinMBHPRDZ14.bib},
    bibsource    = {dblp computer science bibliography, https://dblp.org}
}
@inproceedings{kahle2017transkribus,
    title        = {Transkribus-a service platform for transcription, recognition and retrieval of historical documents},
    author       = {Kahle, Philip and Colutto, Sebastian and Hackl, G{\"u}nter and M{\"u}hlberger, G{\"u}nter},
    year         = 2017,
    booktitle    = {2017 14th IAPR International Conference on Document Analysis and Recognition (ICDAR)},
    volume       = 4,
    pages        = {19--24},
    organization = {IEEE}
}

@article{camps2018o,
    title        = {{O{\`u} va la philologie num{\'e}rique~?}},
    author       = {Camps, Jean-Baptiste},
    year         = 2018,
    month        = Jan,
    journal      = {{Fabula LHT (Litt{\'e}rature, histoire, th{\'e}orie)}},
    publisher    = {{Fabula}},
    series       = {Le Moyen {\^A}ge pour laboratoire, dir. Florent Coste et Amandine Mussou},
    volume       = 20,
    url          = {https://halshs.archives-ouvertes.fr/halshs-01674953},
    pdf          = {https://halshs.archives-ouvertes.fr/halshs-01674953/file/Article_preprint_v1-1.pdf},
    hal_id       = {halshs-01674953},
    hal_version  = {v1}
}
@article{jiang2022a,
	title        = {A Review of Yolo Algorithm Developments},
	author       = {Peiyuan Jiang and Daji Ergu and Fangyao Liu and Ying Cai and Bo Ma},
	year         = 2022,
	journal      = {Procedia Computer Science},
	volume       = 199,
	pages        = {1066--1073},
	doi          = {https://doi.org/10.1016/j.procs.2022.01.135},
	issn         = {1877-0509},
	url          = {https://www.sciencedirect.com/science/article/pii/S1877050922001363},
}

@article{lin2022automatic,
	title        = {Automatic Receipt Recognition System Based on Artificial Intelligence Technology},
	author       = {Lin, Cheng-Jian and Liu, Yu-Cheng and Lee, Chin-Ling},
	year         = 2022,
	journal      = {Applied Sciences},
	volume       = 12,
	number       = 2,
	doi          = {10.3390/app12020853},
	issn         = {2076-3417},
	url          = {https://www.mdpi.com/2076-3417/12/2/853},
	article-number = 853,
}
@dataset{pinche2022cremma,
	title        = {{Cremma Medieval}},
	author       = {Pinche, Ariane},
	year         = 2022,
	month        = 6,
	url          = {https://github.com/HTR-United/cremma-medieval}
}
@dataset{clerice2022cremma,
	title        = {{Cremma Medieval Latin}},
	author       = {Clérice, Thibault and Vlachou-Efstathiou, Malamatenia},
	year         = 2022,
	month        = 6,
	url          = {https://github.com/HTR-United/cremma-medieval-lat}
}
@dataset{vlachou-efstathiou2022voss,
	title        = {{Voss.Lat.O.41 - Eutyches "de uerbo" glossed}},
	author       = {Vlachou-Efstathiou, Malamatenia},
	year         = 2022,
	month        = 6,
	url          = {https://github.com/malamatenia/Eutyches}
}
@dataset{pinche2022incu,
	title        = {{Données HTR incunable du 15e siècle}},
	author       = {Pinche, Ariane and Gabay, Simon and Leroy, Noé and Christensen, Kelly},
	year         = 2022,
	month        = 6,
	url          = {https://github.com/Gallicorpora/HTR-incunable-15e-siecle}
}
@dataset{pinche2022mss,
	title        = {{Données HTR manuscrits du 15e siècle}},
	author       = {Pinche, Ariane and Gabay, Simon and Leroy, Noé and Christensen, Kelly},
	year         = 2022,
	month        = 6,
	url          = {https://github.com/Gallicorpora/HTR-MSS-15e-Siecle}
}
@dataset{pinche2022goth,
	title        = {{Données HTR imprimés gothiques du 16e siècle}},
	author       = {Pinche, Ariane and Gabay, Simon and Vlachou-Efstathiou, malamatenia and Christensen, Kelly},
	year         = 2022,
	month        = 6,
	url          = {https://github.com/Gallicorpora/HTR-imprime-gothique-16e-siecle}
}
@dataset{clérice2022yaltaimss,
	title        = {{YALTAi: Segmonto Manuscript and Early Printed Book Dataset}},
	author       = {Clérice, Thibault},
	year         = 2022,
	month        = jul,
	publisher    = {Zenodo},
	doi          = {10.5281/zenodo.6814770},
	url          = {https://doi.org/10.5281/zenodo.6814770},
	version      = {1.0.0}
}
@dataset{p2021notaires,
	title        = {{Notaires de Paris - Répertoires, ground truth for various Parisian registries of notary deeds (French 19th and 20th centuries)}},
	author       = {LECTAUREP and Rostaing, Aurélia and Durand, Marc and Chagué, Alix},
	year         = 2021,
	month        = 12,
	doi          = {10.5072/zenodo.977691},
	url          = {https://github.com/HTR-United/lectaurep-repertoires},
	version      = {2.0.0}
}
@article{gruning2018arunet,
	title        = {{A Two-Stage Method for Text Line Detection in Historical Documents}},
	author       = {Gr{\"{u}}ning, Tobias and Leifert, Gundram and Strau{\ss}, Tobias and Labahn, Roger},
	year         = 2018,
	url          = {http://arxiv.org/abs/1802.03345},
	arxivid      = {1802.03345}
}
